@article{mourrat2018hamilton,
  title={Hamilton-Jacobi equations for mean-field disordered systems},
  author={Mourrat, Jean-Christophe},
  journal={arXiv preprint arXiv:1811.01432},
  year={2018}
}
@book{friedli2017statistical,
  title={Statistical mechanics of lattice systems: a concrete mathematical introduction},
  author={Friedli, Sacha and Velenik, Yvan},
  year={2017},
  publisher={Cambridge University Press},
  url={https://www.unige.ch/math/folks/velenik/smbook/index.html}
}
@article{lelarge2019fundamental,
  title={Fundamental limits of symmetric low-rank matrix estimation},
  author={Lelarge, Marc and Miolane, L{\'e}o},
  journal={Probability Theory and Related Fields},
  volume={173},
  number={3-4},
  pages={859--929},
  year={2019},
  publisher={Springer}
}